@Comment{This file has been generated by Pybliographer}

<<<<<<< HEAD
@Misc{ TI:2008:TPS782,
	Author = "{Texas Instruments}",
	Title = "T{PS}782 150m{A}, {U}ltra-low {Q}uiescent {C}urrent, {L}ow-{D}ropout {L}inear {R}egulator {D}atasheet",
	month = sep,
	year = 2008
}

@Misc{ TXC:osc_datasheet,
	Author = "TXC",
	Title = "Oscillators 7{X}5mm {SMD} {CMOS} {CXO} 7{W} {S}eries {D}atasheet"
}

@Misc{ Altera:2009:HSMCspec,
	Author = "{Altera Corporation}",
	Title = "High {S}peed {M}ezzanine {C}ard specification",
	Note = "Revision 17",
	month = jun,
	year = 2009
=======
@Misc{STMicro:2012:LD1117xx,
  Author         = {{ST Microelectronics}},
  Title          = {L{D}1117xx datasheet, {A}djustable and fixed low drop
                   positive voltage regulator},
  Note           = {Datasheet},
  month          = {13 } # feb,
  year           = 2012
}

@Misc{Southampton:2011:spec,
  Author         = {{The University of Southampton}},
  Title          = {D2 {S}pecification 2011-12},
  year           = 2011
}

@Misc{Spansion:2011:appnote,
  Author         = {Spansion},
  Title          = {Connecting {S}pansion {SPI} {S}erial {F}lash to
                   {C}onfigure {A}ltera {FPGA}s},
  Note           = {Revision 4},
  month          = {16 } # nov,
  year           = 2011
}

@Book{ Altera:2011:cyclone3handbook,
	Author = "{Altera Corporation}",
	Title = "Cyclone {III} {D}evice {H}andbook",
	Volume = "1",
	month = dec,
	year = 2011
}

@Misc{ Gunn:2001:pdflatex,
	Author = "S.R. Gunn",
	Title = "PDFLaTeX Instructions",
	url = "http://www.ecs.soton.ac.uk/~srg/softwaretools/document/",
	year = 2001
}

@Misc{ STMicro:2012:LD1117xx,
	Author = "{ST Microelectronics}",
	Title = "L{D}1117xx datasheet, {A}djustable and fixed low drop positive voltage regulator",
	Note = "Datasheet",
	month = "13 " # feb,
	year = 2012
}

<<<<<<< HEAD
@Electronic{ Sinatra,
	title = "Sinatra",
	url = "http://www.sinatrarb.com/intro.html"
=======
@Misc{TI:2008:TPS782,
  Author         = {{Texas Instruments}},
  Title          = {T{PS}782 150m{A}, {U}ltra-low {Q}uiescent {C}urrent,
                   {L}ow-{D}ropout {L}inear {R}egulator {D}atasheet},
  month          = sep,
  year           = 2008
>>>>>>> 590ae4266949d422cd0c159f13d8fd03eb096476
}

